@article{perlin1985image,
  title={An image synthesizer},
  author={Ken Perlin},
  journal={ACM SIGGRAPH Computer Graphics},
  volume={19},
  number={3},
  pages={287--296},
  year={1985},
  publisher={ACM},
  doi={10.1145/325165.32524}
}